<record><leader>00000cas a22000007a 4500</leader><controlfield tag="001">10460206</controlfield><controlfield tag="008">840225c194u9999ncuwr ne      0    0eng d</controlfield><datafield ind1=" " ind2=" " tag="010"><subfield code="a">sn 84026477 </subfield></datafield><datafield ind1=" " ind2=" " tag="040"><subfield code="a">NPU</subfield><subfield code="b">eng</subfield><subfield code="c">NPU</subfield><subfield code="d">NVJ</subfield><subfield code="d">OCLCQ</subfield></datafield><datafield ind1=" " ind2=" " tag="042"><subfield code="a">msc</subfield></datafield><datafield ind1="0" ind2="4" tag="245"><subfield code="a">The Smoky Mountain times.</subfield></datafield><datafield ind1=" " ind2=" " tag="260"><subfield code="a">Bryson City, N.C. :</subfield><subfield code="b">Leroy Sossamon</subfield></datafield><datafield ind1=" " ind2=" " tag="300"><subfield code="a">v. :</subfield><subfield code="b">ill. ;</subfield><subfield code="c">61 cm.</subfield></datafield><datafield ind1=" " ind2=" " tag="310"><subfield code="a">Weekly</subfield></datafield><datafield ind1=" " ind2=" " tag="588"><subfield code="a">Description based on: Vol. 60, no. 21 (Feb. 7, 1947).</subfield></datafield><datafield ind1=" " ind2=" " tag="752"><subfield code="a">United States</subfield><subfield code="b">North Carolina</subfield><subfield code="c">Swain</subfield><subfield code="d">Bryson City.</subfield></datafield><datafield ind1="0" ind2="0" tag="780"><subfield code="t">Bryson City times</subfield><subfield code="w">(DLC)sn 91068047</subfield></datafield><datafield ind1="1" ind2=" " tag="029"><subfield code="a">AU@</subfield><subfield code="b">000025784260</subfield></datafield></record>